@article{1611.07004,
  Author = {Phillip Isola and Jun-Yan Zhu and Tinghui Zhou and Alexei A. Efros},
  Title = {Image-to-Image Translation with Conditional Adversarial Networks},
  Year = {2016},
  Eprint = {arXiv:1611.07004},
}

@article{2003.00902,
  Author = {Memo Akten and Rebecca Fiebrink and Mick Grierson},
  Title = {Learning to See: You Are What You See},
  Year = {2020},
  Eprint = {arXiv:2003.00902},
  Howpublished = {ACM SIGGRAPH 2019 Art Gallery July 2019 Article No 13 Pages 1 to 6},
  Doi = {10.1145/3306211.3320143},
}

@misc{1701.00160,
  Author = {Ian Goodfellow},
  Title = {NIPS 2016 Tutorial: Generative Adversarial Networks},
  Year = {2016},
  Eprint = {arXiv:1701.00160},
}

@misc{1406.2661,
  Author = {Ian J. Goodfellow and Jean Pouget-Abadie and Mehdi Mirza and Bing Xu and David Warde-Farley and Sherjil Ozair and Aaron Courville and Yoshua Bengio},
  Title = {Generative Adversarial Networks},
  Year = {2014},
  Eprint = {arXiv:1406.2661},
}

@misc{1703.10593,
  Author = {Jun-Yan Zhu and Taesung Park and Phillip Isola and Alexei A. Efros},
  Title = {Unpaired Image-to-Image Translation using Cycle-Consistent Adversarial Networks},
  Year = {2017},
  Eprint = {arXiv:1703.10593},
}

@misc{2003.08936,
  Author = {Muyang Li and Ji Lin and Yaoyao Ding and Zhijian Liu and Jun-Yan Zhu and Song Han},
  Title = {GAN Compression: Efficient Architectures for Interactive Conditional GANs},
  Year = {2020},
  Eprint = {arXiv:2003.08936},
}

@article{1903.07291,
  Author = {Taesung Park and Ming-Yu Liu and Ting-Chun Wang and Jun-Yan Zhu},
  Title = {Semantic Image Synthesis with Spatially-Adaptive Normalization},
  Year = {2019},
  Eprint = {arXiv:1903.07291},
  Howpublished = {CVPR 2019},
}

@misc{2005.14165,
  Author = {Tom B. Brown and Benjamin Mann and Nick Ryder and Melanie Subbiah and Jared Kaplan and Prafulla Dhariwal and Arvind Neelakantan and Pranav Shyam and Girish Sastry and Amanda Askell and Sandhini Agarwal and Ariel Herbert-Voss and Gretchen Krueger and Tom Henighan and Rewon Child and Aditya Ramesh and Daniel M. Ziegler and Jeffrey Wu and Clemens Winter and Christopher Hesse and Mark Chen and Eric Sigler and Mateusz Litwin and Scott Gray and Benjamin Chess and Jack Clark and Christopher Berner and Sam McCandlish and Alec Radford and Ilya Sutskever and Dario Amodei},
  Title = {Language Models are Few-Shot Learners},
  Year = {2020},
  Eprint = {arXiv:2005.14165},
}
